@misc{i49,
  author = {Christopher Rackauckas},
  title = {order lowering should be a transformation},
  howpublished = "\url{https://github.com/JuliaDiffEq/SciCompDSL.jl/issues/49}",
  year = {2018},
  note = "[GitHub issue; accessed 17-March-2018]"
}
